<?xml version="1.0" encoding="UTF-8"?><collection xmlns="http://www.loc.gov/MARC21/slim"><record><leader>00625nam--2200205-u-4500</leader><controlfield tag="001">000052214</controlfield><controlfield tag="002">20161230</controlfield><controlfield tag="005">20161230201050</controlfield><controlfield tag="008">100525s1000------------r-----000-0-eng-d</controlfield><datafield ind1=" " ind2=" " tag="040"><subfield code="a">IFIN-HH</subfield></datafield><datafield ind1=" " ind2=" " tag="041"><subfield code="a">eng</subfield></datafield><datafield ind1=" " ind2=" " tag="080"><subfield code="a">519</subfield></datafield><datafield ind1="1" ind2=" " tag="100"><subfield code="a">Mosteller, Frederick</subfield></datafield><datafield ind1="1" ind2="0" tag="245"><subfield code="a">Probability with statistical applications</subfield><subfield code="c">Frederick mosteller; robert e. k. rourke; george b. thomas, jr</subfield></datafield><datafield ind1=" " ind2=" " tag="260"><subfield code="a">Reading</subfield><subfield code="b">Addison- Wesley Publishing Company, Inc</subfield><subfield code="c">1961</subfield></datafield><datafield ind1=" " ind2=" " tag="300"><subfield code="a">478P</subfield></datafield><datafield ind1=" " ind2=" " tag="490"><subfield code="a">Addison- Wesley Series In Statistics</subfield></datafield><datafield ind1=" " ind2=" " tag="650"><subfield code="a">Statistical Applications</subfield></datafield><datafield ind1=" " ind2=" " tag="852"><subfield code="a">30755</subfield><subfield code="c">519.2</subfield></datafield><datafield ind1=" " ind2=" " tag="CAT"><subfield code="a">Sys</subfield><subfield code="c">20100525</subfield><subfield code="h">094640</subfield></datafield></record></collection>